@misc{sfia_2016,
  title = {{2016 Sports, Fitness, and Leisure Activities Topline Participation Report}},
  url = {https://www.sfia.org/reports/411_2016-sports,-fitness,-and-leisure-activities-topline-participation-report},
  journal = {Sports and Fitness Industry Association},
  publisher = {Sports and Fitness Industry Association},
  author = {SFIA},
  year = {2016},
  month = {Jan},
}


@misc{usau_2016,
  title = {{USA Ultimate Annual Report}},
  url = {http://www.usaultimate.org/annual_report/},
  journal = {USA Ultimate Annual Report},
  publisher = {USA Ultimate},
  author = {USAU},
  year = {2016},
  month = {Jan},
}
